@PREAMBLE{
 "\providecommand{\noopsort}[1]{}" 
 # "\providecommand{\singleletter}[1]{#1}%" 
}

@article{hardware_sycamore, title={Quantum supremacy using a programmable superconducting processor}, volume={574}, DOI={10.1038/s41586-019-1666-5}, number={7779}, journal={Nature}, author={Arute, Frank and Arya, Kunal and Babbush, Ryan and et al.}, year={2019}, pages={505â€“510}}
 
@misc{IBMQ,
  title = {{IBM Quantum}},
  howpublished = {\url{https://quantum-computing.ibm.com/}},
  year={2021}
}

@misc{codebase,
  note={Code  for  the  complete  simulation  and  visualization  is available  on \url{https://github.com/AnimeshSinha1309/quantum-rl}, 2021},
}


@article{zulehner2018mapping,
  title={An Efficient Methodology for Mapping Quantum Circuits to the {IBM}  {QX} Architectures},
  author={Zulehner, Alwin and Paler, Alexandru and Wille, Robert},
  journal={IEEE Transactions on Computer Aided Design of Integrated Circuits and Systems (TCAD)},
  year={2018}
}

@article{qroute_dqn1,
      title={Using Reinforcement Learning to find Efficient Qubit Routing Policies for Deployment in Near-term Quantum Computers}, 
      author={Steven Herbert and Akash Sengupta},
      year={2019},
      journal={arXiv:1812.11619 [quant-ph]},
      eprint={1812.11619},
      archivePrefix={arXiv},
      primaryClass={quant-ph}
}

@article{qroute_dqn2,
  title={Using Reinforcement Learning to Perform Qubit Routing in Quantum Compilers}, 
  author={Matteo G. Pozzi and Steven J. Herbert and Akash Sengupta and Robert D. Mullins},
  year={2020},
  journal={arXiv:2007.15957 [quant-ph]},
  eprint={2007.15957},
  archivePrefix={arXiv},
  primaryClass={quant-ph}
}


@article{RigettiAspen,
Author = {Peter J. Karalekas and Nikolas A. Tezak and Eric C. Peterson and Colm A. Ryan and Marcus P. da Silva and Robert S. Smith},
Title = {A quantum-classical cloud platform optimized for variational hybrid algorithms},
Year = {2020},
Eprint = {arXiv:2001.04449},
Howpublished = {Quantum Sci. Technol. 5 024003 (2020)},
Doi = {10.1088/2058-9565/ab7559},
}

@article{Xanadu,
Author = {J. Eli Bourassa and Rafael N. Alexander and Michael Vasmer and Ashlesha Patil and Ilan Tzitrin and Takaya Matsuura and Daiqin Su and Ben Q. Baragiola and Saikat Guha and Guillaume Dauphinais and Krishna K. Sabapathy and Nicolas C. Menicucci and Ish Dhand},
Title = {Blueprint for a Scalable Photonic Fault-Tolerant Quantum Computer},
Year = {2020},
Eprint = {arXiv:2010.02905},
Howpublished = {Quantum 5, 392 (2021)},
Doi = {10.22331/q-2021-02-04-392},
}

@inproceedings{qroute_mcts,
    author = {Zhou, Xiangzhen and Feng, Yuan and Li, Sanjiang},
    title = {A Monte Carlo Tree Search Framework for Quantum Circuit Transformation},
    year = {2020},
    isbn = {9781450380263},
    publisher = {Association for Computing Machinery},
    address = {New York, NY, USA},
    url = {https://doi.org/10.1145/3400302.3415621},
    doi = {10.1145/3400302.3415621},
    booktitle = {Proceedings of the 39th International Conference on Computer-Aided Design},
    articleno = {138},
    numpages = {7},
    keywords = {monte carlo tree search, QPU, quantum computing, qubit mapping, quantum circuit transformation},
    location = {Virtual Event, USA},
    series = {ICCAD '20}
}

@misc{1110.2998,
Author = {Juan Carlos Garcia-Escartin and Pedro Chamorro-Posada},
Title = {Equivalent Quantum Circuits},
Year = {2011},
Eprint = {arXiv:1110.2998},
}

@inproceedings{qroute_tket,
  author =	{Alexander Cowtan and Silas Dilkes and Ross Duncan and Alexandre Krajenbrink and Will Simmons and Seyon Sivarajah},
  title =	{{On the Qubit Routing Problem}},
  booktitle =	{14th Conference on the Theory of Quantum Computation, Communication and Cryptography (TQC 2019)},
  pages =	{5:1--5:32},
  series =	{Leibniz International Proceedings in Informatics (LIPIcs)},
  ISBN =	{978-3-95977-112-2},
  ISSN =	{1868-8969},
  year =	{2019},
  volume =	{135},
  publisher =	{Schloss Dagstuhl--Leibniz-Zentrum fuer Informatik},
  address =	{Dagstuhl, Germany},
  URL =		{http://drops.dagstuhl.de/opus/volltexte/2019/10397},
  URN =		{urn:nbn:de:0030-drops-103972},
  doi =		{10.4230/LIPIcs.TQC.2019.5},
}

@article{photo_architecture_graph,
  title={Reducing the CNOT count for Clifford+T circuits on NISQ architectures},
  author={Vlad Gheorghiu and Sarah Li and M. Mosca and P. Mukhopadhyay},
  journal={arXiv: Quantum Physics},
  year={2020}
}

@article{mcts_alphago,
    author={Silver, David
    and Huang, Aja
    and Maddison, Chris J.
    and Guez, Arthur
    and Sifre, Laurent
    and van den Driessche, George
    and et al.},
    title={Mastering the game of Go with deep neural networks and tree search},
    journal={Nature},
    year={2016},
    month={Jan},
    day={01},
    volume={529},
    number={7587},
    pages={484-489},
    issn={1476-4687},
    doi={10.1038/nature16961},
    url={https://doi.org/10.1038/nature16961}
}

@misc{mcts_assymetric,
      title={Monte Carlo Tree Search for Asymmetric Trees}, 
      author={Thomas M. Moerland and Joost Broekens and Aske Plaat and Catholijn M. Jonker},
      year={2018},
      eprint={1805.09218},
      archivePrefix={arXiv},
      primaryClass={stat.ML}
}

@inproceedings{mcts_bandit_1,
  title={Bandit Based Monte-Carlo Planning},
  author={L. Kocsis and Csaba Szepesvari},
  booktitle={ECML},
  year={2006}
}

@article{mcts_bandit_2,
  title={From Bandits to Monte-Carlo Tree Search: The Optimistic Principle Applied to Optimization and Planning},
  author={R. Munos},
  journal={Found. Trends Mach. Learn.},
  year={2014},
  volume={7},
  pages={1-129}
}

@ARTICLE{mcts_survey,
  author={C. B. {Browne} and E. {Powley} and D. {Whitehouse} and S. M. {Lucas} and P. I. {Cowling} and P. {Rohlfshagen} and S. {Tavener} and D. {Perez} and S. {Samothrakis} and S. {Colton}},
  journal={IEEE Transactions on Computational Intelligence and AI in Games}, 
  title={A Survey of Monte Carlo Tree Search Methods}, 
  year={2012},
  volume={4},
  number={1},
  pages={1-43},
  doi={10.1109/TCIAIG.2012.2186810}}

@inproceedings{mcts_uct,
  title={On the Parallelization of UCT},
  author={Tristan Cazenave and N. Jouandeau},
  year={2007}
}

@InProceedings{others_childs,
  author =	{Andrew M. Childs and Eddie Schoute and Cem M. Unsal},
  title =	{{Circuit Transformations for Quantum Architectures}},
  booktitle =	{14th Conference on the Theory of Quantum Computation, Communication and Cryptography (TQC 2019)},
  pages =	{3:1--3:24},
  series =	{Leibniz International Proceedings in Informatics (LIPIcs)},
  ISBN =	{978-3-95977-112-2},
  ISSN =	{1868-8969},
  year =	{2019},
  volume =	{135},
  publisher =	{Schloss Dagstuhl--Leibniz-Zentrum fuer Informatik},
  address =	{Dagstuhl, Germany},
  URL =		{http://drops.dagstuhl.de/opus/volltexte/2019/10395},
  URN =		{urn:nbn:de:0030-drops-103958},
  doi =		{10.4230/LIPIcs.TQC.2019.3},
}

@Inbook{mutex_dijkstra,
    author="Dijkstra, Edsger W.",
    editor="Hansen, Per Brinch",
    title="Cooperating Sequential Processes",
    bookTitle="The Origin of Concurrent Programming: From Semaphores to Remote Procedure Calls",
    year="2002",
    publisher="Springer New York",
    address="New York, NY",
    pages="65--138",
    abstract="This chapter is intended for all those who expect that in their future activities they will become seriously involved in the problems that arise in either the design or the more advanced applications of digital information processing equipment; they are further intended for all those who are just interested in information processing.",
    isbn="978-1-4757-3472-0",
    doi="10.1007/978-1-4757-3472-0_2",
    url="https://doi.org/10.1007/978-1-4757-3472-0_2"
}

@misc{nn_edge_conv,
      title={Dynamic Graph CNN for Learning on Point Clouds}, 
      author={Yue Wang and Yongbin Sun and Ziwei Liu and Sanjay E. Sarma and Michael M. Bronstein and Justin M. Solomon},
      year={2019},
      eprint={1801.07829},
      archivePrefix={arXiv},
      primaryClass={cs.CV}
}

@misc{nn_swish,
      title={Searching for Activation Functions}, 
      author={Prajit Ramachandran and Barret Zoph and Quoc V. Le},
      year={2017},
      eprint={1710.05941},
      archivePrefix={arXiv},
      primaryClass={cs.NE}
}

@misc{nisq_preskill,
  title = {Quantum computing in the {NISQ} era and beyond},
  doi = {10.22331/q-2018-08-06-79},
  url = {https://doi.org/10.22331/q-2018-08-06-79},
  author = {Preskill, John},
  journal = {{Quantum}},
  issn = {2521-327X},
  publisher = {{Verein zur F{\"{o}}rderung des Open Access Publizierens in den Quantenwissenschaften}},
  volume = {2},
  pages = {79},
  month = aug,
  year = {2018}
}

@article{comp_pytket,
	doi = {10.1088/2058-9565/ab8e92},
	url = {https://doi.org/10.1088/2058-9565/ab8e92},
	year = 2020,
	month = {nov},
	publisher = {{IOP} Publishing},
	volume = {6},
	number = {1},
	pages = {014003},
	author = {Seyon Sivarajah and Silas Dilkes and Alexander Cowtan and Will Simmons and Alec Edgington and Ross Duncan},
	title = {t$|\text{ket}\rangle$: a retargetable compiler for {NISQ} devices},
	journal = {Quantum Science and Technology},
}

@misc{comp_cirq,
  author       = {Cirq Developers},
  title        = {Cirq},
  month        = mar,
  year         = 2021,
  publisher    = {Zenodo},
  version      = {v0.10.0},
  doi          = {10.5281/zenodo.4586899},
  url          = {https://doi.org/10.5281/zenodo.4586899}
}

@misc{comp_qiskit,
  author = {H{\'e}ctor Abraham and et al.},
  title        = {{Qiskit: An Open-source Framework for Quantum 
                   Computing}},
  month        = jan,
  year         = 2019,
  publisher    = {Zenodo},
  version      = {0.7.2},
  doi          = {10.5281/zenodo.2562111},
  url          = {https://doi.org/10.5281/zenodo.2562111}
}

@misc{data_realistic,
  author = {Zulehner, Alwin and Paler, Alexandru and Wille, Robert},
  title = {{IBM Qiskit} Developer Challenge},
  howpublished = {\url{https://www.ibm.com/blogs/research/2018/08/winners-qiskit-developer-challenge/}},
  note = {Accessed: 2021-03-23}
}


@misc{comb_survey,
      title={Reinforcement Learning for Combinatorial Optimization: A Survey}, 
      author={Nina Mazyavkina and Sergey Sviridov and Sergei Ivanov and Evgeny Burnaev},
      year={2020},
      eprint={2003.03600},
      archivePrefix={arXiv},
      primaryClass={cs.LG}
}

@article{comb_1,  
    author={Z. {Xing} and S. {Tu}},  journal={IEEE Access},   title={A Graph Neural Network Assisted Monte Carlo Tree Search Approach to Traveling Salesman Problem},   year={2020},  volume={8},  number={},  pages={108418-108428},  doi={10.1109/ACCESS.2020.3000236}
}

@article{comb_2,
  author    = {Ruiyang Xu and
               Karl J. Lieberherr},
  title     = {Learning Self-Game-Play Agents for Combinatorial Optimization Problems},
  journal   = {arXiv:1903.03674 [cs.LG]},
  year      = {2019},
  url       = {http://arxiv.org/abs/1903.03674},
  archivePrefix = {arXiv},
  eprint    = {1903.03674},
  timestamp = {Sun, 31 Mar 2019 19:01:24 +0200},
  biburl    = {https://dblp.org/rec/journals/corr/abs-1903-03674.bib},
  bibsource = {dblp computer science bibliography, https://dblp.org}
}

@article{comb_3,
  author    = {Kenshin Abe and
               Zijian Xu and
               Issei Sato and
               Masashi Sugiyama},
  title     = {Solving NP-Hard Problems on Graphs by Reinforcement Learning without
               Domain Knowledge},
  journal   = {arXiv:1905.11623 [cs.LG]},
  year      = {2019},
  url       = {http://arxiv.org/abs/1905.11623},
  archivePrefix = {arXiv},
  eprint    = {1905.11623},
  timestamp = {Wed, 13 Jan 2021 18:13:42 +0100},
  biburl    = {https://dblp.org/rec/journals/corr/abs-1905-11623.bib},
  bibsource = {dblp computer science bibliography, https://dblp.org}
}

@article{comb_4,
  author    = {Alexandre Laterre and
               Yunguan Fu and
               Mohamed Khalil Jabri and
               Alain{-}Sam Cohen and
               David Kas and
               Karl Hajjar and
               Torbjorn S. Dahl and
               Amine Kerkeni and
               Karim Beguir},
  title     = {Ranked Reward: Enabling Self-Play Reinforcement Learning for Combinatorial
               Optimization},
  journal   = {arXiv:1807.01672 [cs.LG]},
  year      = {2018},
  url       = {http://arxiv.org/abs/1807.01672},
  archivePrefix = {arXiv},
  eprint    = {1807.01672},
  timestamp = {Mon, 13 Aug 2018 16:46:08 +0200},
  biburl    = {https://dblp.org/rec/journals/corr/abs-1807-01672.bib},
  bibsource = {dblp computer science bibliography, https://dblp.org}
}

@misc{bridge_gate,
Author = {Toshinari Itoko and Rudy Raymond and Takashi Imamichi and Atsushi Matsuo},
Title = {Optimization of Quantum Circuit Mapping using Gate Transformation and Commutation},
Year = {2019},
Eprint = {arXiv:1907.02686},
}
